%% This BibTeX bibliography file was created using BibDesk.
%% http://bibdesk.sourceforge.net/


%% Created for Dmitry at 2013-01-10 04:20:55 +0400 


%% Saved with string encoding Unicode (UTF-8) 



@manual{lucasKanade,
	Address = {Pittsburgh, Pennsylvania 15213},
	Author = {Bruce D. Lucas, Takeo Kanade},
	Date-Added = {2013-01-10 00:04:15 +0000},
	Date-Modified = {2013-01-10 00:20:45 +0000},
	Organization = {Computer Science Department Carnegie-Mellon University},
	Title = {An Iterative Image Registration Technique with an Application to Stereo Vision},
	Year = {1981},
	Bdsk-File-1 = {YnBsaXN0MDDUAQIDBAUIJidUJHRvcFgkb2JqZWN0c1gkdmVyc2lvblkkYXJjaGl2ZXLRBgdUcm9vdIABqAkKFRYXGyIjVSRudWxs0wsMDQ4RElpOUy5vYmplY3RzViRjbGFzc1dOUy5rZXlzog8QgASABoAHohMUgAKAA1lhbGlhc0RhdGFccmVsYXRpdmVQYXRo0hgMGRpXTlMuZGF0YU8RAY4AAAAAAY4AAgAADE1hY2ludG9zaCBIRAAAAAAAAAAAAAAAAAAAAMq1xVhIKwAAAAUf3BFsdWNhc2thbmFkZTgxLnBkZgAAAAAAAAAAAAAAAAAAAAAAAAAAAAAAAAAAAAAAAAAAAAAAAAAAAAAAAAAAAAADc2LAzRPnhwAAAAAAAAAAAAIAAgAACSAAAAAAAAAAAAAAAAAAAAAJRG93bmxvYWRzAAAQAAgAAMq1jRgAAAARAAgAAM0Tr0cAAAABAAwABR/cAAUfkgAAwCMAAgA5TWFjaW50b3NoIEhEOlVzZXJzOgBtYWNib29rOgBEb3dubG9hZHM6AGx1Y2Fza2FuYWRlODEucGRmAAAOACQAEQBsAHUAYwBhAHMAawBhAG4AYQBkAGUAOAAxAC4AcABkAGYADwAaAAwATQBhAGMAaQBuAHQAbwBzAGgAIABIAEQAEgApVXNlcnMvbWFjYm9vay9Eb3dubG9hZHMvbHVjYXNrYW5hZGU4MS5wZGYAABMAAS8AABUAAgAO//8AAIAF0hwdHh9YJGNsYXNzZXNaJGNsYXNzbmFtZaMfICFdTlNNdXRhYmxlRGF0YVZOU0RhdGFYTlNPYmplY3RfECEuLi8uLi9Eb3dubG9hZHMvbHVjYXNrYW5hZGU4MS5wZGbSHB0kJaIlIVxOU0RpY3Rpb25hcnkSAAGGoF8QD05TS2V5ZWRBcmNoaXZlcgAIABEAFgAfACgAMgA1ADoAPABFAEsAUgBdAGQAbABvAHEAcwB1AHgAegB8AIYAkwCYAKACMgI0AjkCQgJNAlECXwJmAm8CkwKYApsCqAKtAAAAAAAAAgEAAAAAAAAAKAAAAAAAAAAAAAAAAAAAAr8=}}
